<record><leader>00000cas a22000007a 4500</leader><controlfield tag="001">18386290</controlfield><controlfield tag="008">880822d18881889ohudn ne      0    0eng d</controlfield><datafield ind1=" " ind2=" " tag="010"><subfield code="a">sn 88077806 </subfield></datafield><datafield ind1=" " ind2=" " tag="040"><subfield code="a">ONP</subfield><subfield code="b">eng</subfield><subfield code="c">ONP</subfield><subfield code="d">OCLCQ</subfield></datafield><datafield ind1=" " ind2=" " tag="042"><subfield code="a">msc</subfield></datafield><datafield ind1="0" ind2=" " tag="130"><subfield code="a">Columbus daily press (Columbus, Ohio : 1888)</subfield></datafield><datafield ind1="1" ind2="4" tag="245"><subfield code="a">The Columbus daily press.</subfield></datafield><datafield ind1="3" ind2="0" tag="246"><subfield code="a">Columbus evening press</subfield></datafield><datafield ind1=" " ind2=" " tag="260"><subfield code="a">Columbus, Ohio :</subfield><subfield code="b">Central Press Assoc.,</subfield><subfield code="c">1888-1889.</subfield></datafield><datafield ind1=" " ind2=" " tag="300"><subfield code="a">v.</subfield></datafield><datafield ind1=" " ind2=" " tag="310"><subfield code="a">Daily,</subfield><subfield code="b">Nov. 26, 1888-Aug. 4, 1889</subfield></datafield><datafield ind1=" " ind2=" " tag="321"><subfield code="a">Daily (except Mon.),</subfield><subfield code="b">July 28, 1888-Nov. 25, 1888</subfield></datafield><datafield ind1="0" ind2=" " tag="362"><subfield code="a">Vol. 61, no. 178 (July 28, 1888)-v. 62, no. 184 (Aug. 4, 1889).</subfield></datafield><datafield ind1=" " ind2=" " tag="500"><subfield code="a">An evening edition was added on Nov. 25, 1888 and was published as Columbus evening press.</subfield></datafield><datafield ind1=" " ind2="4" tag="651"><subfield code="a">Columbus (Ohio)</subfield><subfield code="v">Newspapers.</subfield></datafield><datafield ind1=" " ind2="4" tag="651"><subfield code="a">Franklin County (Ohio)</subfield><subfield code="v">Newspapers.</subfield></datafield><datafield ind1=" " ind2=" " tag="752"><subfield code="a">United States</subfield><subfield code="b">Ohio</subfield><subfield code="c">Franklin</subfield><subfield code="d">Columbus.</subfield></datafield><datafield ind1="0" ind2=" " tag="775"><subfield code="t">Weekly press (Columbus, Ohio : 1888)</subfield><subfield code="w">(DLC)sn 88077823</subfield></datafield><datafield ind1="0" ind2="0" tag="780"><subfield code="t">Columbus daily times (Columbus, Ohio)</subfield><subfield code="w">(DLC)sn 88077805</subfield></datafield><datafield ind1="0" ind2="0" tag="785"><subfield code="t">Daily press (Columbus, Ohio)</subfield><subfield code="w">(DLC)sn 88077809</subfield></datafield><datafield ind1="1" ind2=" " tag="029"><subfield code="a">AU@</subfield><subfield code="b">000020519578</subfield></datafield></record>